<?xml version="1.0" encoding="utf-8"?>
<record xmlns="http://www.loc.gov/MARC21/slim" xmlns:xsi="http://www.w3.org/2001/XMLSchema-instance" xsi:schemaLocation="http://www.loc.gov/MARC21/slim http://www.loc.gov/standards/marcxml/schema/MARC21slim.xsd">
	<leader>     nam a22     Mi 4500</leader>
	<controlfield tag="001">1390518</controlfield>
	<controlfield tag="003">NjP</controlfield>
	<controlfield tag="006">m        d        </controlfield>
	<controlfield tag="007">cr cn |||m|||a</controlfield>
	<controlfield tag="008">210322q19321933ua      o     000 0 ara d</controlfield>
	<datafield ind1=" " ind2=" " tag="040">
		<subfield code="a">ZYU</subfield>
		<subfield code="b">ara</subfield>
		<subfield code="e">rda</subfield>
		<subfield code="c">ZYU</subfield>
	</datafield>
	<datafield ind1="1" ind2=" " tag="100">
		<subfield code="6">880-01</subfield>
		<subfield code="a">Ibn Farḥūn, Ibrāhīm ibn ʻAlī,</subfield>
		<subfield code="d">-1397.</subfield>
	</datafield>
	<datafield ind1="1" ind2="3" tag="245">
		<subfield code="6">880-02</subfield>
		<subfield code="a">Kitāb al-Dībāj al-mudhahhab fī maʻrifat aʻyān ʻulamaʼ al- madhhab /</subfield>
		<subfield code="c">taʼlīf Ibrāhīm ibn ʻAlī ibn Muḥammad ibn Farḥūn al-Yaʻmarī al-Madanī al-Mālikī. Wa-bi-hāmishihi Kitāb Nayl al-ibtihāj bi-taṭrīz al-Dībāj / li Sayyidī Aḥmad ibn Aḥmad ibn Aḥmad ibn ʻUmar ibn Muḥammad Aqīt ʻurifa bi-Bābā al-Tunbuktī.</subfield>
	</datafield>
	<datafield ind1=" " ind2=" " tag="260">
		<subfield code="6">880-03</subfield>
		<subfield code="a">Miṣr :</subfield>
		<subfield code="b">ʻAbbās ibn ʻAbd al-Salām ibn Shaqrūn,</subfield>
		<subfield code="c">1351 [1932]</subfield>
	</datafield>
	<datafield ind1=" " ind2=" " tag="300">
		<subfield code="a">online resource (362 pages)</subfield>
	</datafield>
	<datafield ind1=" " ind2=" " tag="336">
		<subfield code="a">text</subfield>
		<subfield code="2">rdacontent</subfield>
	</datafield>
	<datafield ind1=" " ind2=" " tag="337">
		<subfield code="a">computer</subfield>
		<subfield code="2">rdamedia</subfield>
	</datafield>
	<datafield ind1=" " ind2=" " tag="338">
		<subfield code="a">online resource</subfield>
		<subfield code="2">rdacarrier</subfield>
	</datafield>
	<datafield ind1=" " ind2=" " tag="500">
		<subfield code="a">Part of the Arabic Collections Online (ACO) project, contributed by Princeton University Libraries.</subfield>
	</datafield>
	<datafield ind1=" " ind2=" " tag="533">
		<subfield code="a">Electronic reproduction.</subfield>
		<subfield code="b">New York, N.Y. :</subfield>
		<subfield code="c">New York University,</subfield>
		<subfield code="d">2021.</subfield>
		<subfield code="5">NNU</subfield>
	</datafield>
	<datafield ind1=" " ind2=" " tag="546">
		<subfield code="a">In Arabic.</subfield>
	</datafield>
	<datafield ind1=" " ind2="0" tag="650">
		<subfield code="a">Malikites.</subfield>
	</datafield>
	<datafield ind1=" " ind2="7" tag="650">
		<subfield code="a">Malikites.</subfield>
		<subfield code="2">fast</subfield>
		<subfield code="0">(OCoLC)fst01006724</subfield>
	</datafield>
	<datafield ind1="1" ind2=" " tag="700">
		<subfield code="6">880-04</subfield>
		<subfield code="a">Bābā, Aḥmad ibn Aḥmad,</subfield>
		<subfield code="d">1556-1627.</subfield>
		<subfield code="t">Nayl al-ibtihāj bi- taṭrīz al-Dibāj.</subfield>
	</datafield>
	<datafield ind1="2" ind2=" " tag="710">
		<subfield code="a">Princeton University.</subfield>
		<subfield code="b">Library.</subfield>
	</datafield>
	<datafield ind1="0" ind2=" " tag="730">
		<subfield code="a">Arabic Collections Online.</subfield>
	</datafield>
	<datafield ind1="0" ind2="8" tag="776">
		<subfield code="i">Print version:</subfield>
		<subfield code="a">Ibn Farḥūn, Ibrāhīm ibn ʻAlī, -1397.</subfield>
		<subfield code="t">Kitāb al-Dībāj al-mudhahhab fī maʻrifat aʻyān ʻulamaʼ al- madhhab</subfield>
		<subfield code="w">(NjP)1390518</subfield>
		<subfield code="w">(OCoLC)42812052</subfield>
	</datafield>
	<datafield ind1="4" ind2="0" tag="856">
		<subfield code="u">http://hdl.handle.net/2333.1/0gb5mwp0</subfield>
	</datafield>
	<datafield ind1="1" ind2=" " tag="880">
		<subfield code="6">100-01</subfield>
		<subfield code="a">ابن فرحون، ابراهيم بن علي،</subfield>
		<subfield code="d">-1397.</subfield>
	</datafield>
	<datafield ind1="1" ind2="2" tag="880">
		<subfield code="6">245-02</subfield>
		<subfield code="a">كتاب الديباج المذهب في معرفة اعيان علماء المذهب /</subfield>
		<subfield code="c">تأليف ابراهيم بن علي بن محمد بن فرحون اليعمري المدني المالي. وبهامشه كتاب نيل الابتهاج بتطريز الديباج / لابي العباس سيدي احمد بن احمد بن احمد بن عمر بن محمد اقيت عرف ببابا التنبكتي.</subfield>
	</datafield>
	<datafield ind1=" " ind2=" " tag="880">
		<subfield code="6">260-03</subfield>
		<subfield code="a">مصر :</subfield>
		<subfield code="b">عباس بن عبد السلام بن شقرون،</subfield>
		<subfield code="c">1351 [1932]</subfield>
	</datafield>
	<datafield ind1="1" ind2=" " tag="880">
		<subfield code="6">700-04</subfield>
		<subfield code="a">بابا، احمد بن احمد،</subfield>
		<subfield code="d">1556-1627.</subfield>
		<subfield code="t">نيل الابتهاج ب تطريز الدباج.</subfield>
	</datafield>
	<datafield ind1=" " ind2=" " tag="959">
		<subfield code="a">NNU</subfield>
		<subfield code="b">WEB</subfield>
		<subfield code="c">GENI</subfield>
		<subfield code="t">0</subfield>
		<subfield code="m">Electronic access</subfield>
		<subfield code="s">01</subfield>
	</datafield>
	<datafield ind1=" " ind2=" " tag="999">
		<subfield code="i">NjP_1390518</subfield>
		<subfield code="o">(OCoLC)ocm42812052</subfield>
		<subfield code="s">princeton_aco001938</subfield>
		<subfield code="e">(ERROR-MISC)</subfield>
		<subfield code="s">princeton_aco001938</subfield>
	</datafield>
</record>
